% Encoding: UTF-8

@book{Knuth1998,
 author = {Knuth, Donald E.},
 title = {The art of computer programming,  volume 3: (2nd ed.) sorting and searching},
 year = {1998},
 publisher = {Addison Wesley Longman Publishing Co., Inc.},
 address = {Redwood City, CA, USA}
}

@book{Pollefliet2011,
  author = {Pollefliet, Leen},
  title = {Schrijven van verslag tot eindwerk: do's en don'ts},
  year = {2011},
  publisher = {Academia Press},
  address = {Gent}
}

@article{Creeger2009,
  author = {Creeger, Mache},
  journal = {Communications of the ACM},
  number = {8},
  pages = {50--56},
  title = {{CTO Roundtable: Cloud Computing}},
  volume = {52},
  year = {2009}
}

@misc{wu2019detectron2,
  author =       {Yuxin Wu and Alexander Kirillov and Francisco Massa and
                  Wan-Yen Lo and Ross Girshick},
  title =        {Detectron2},
  howpublished = {\url{https://github.com/facebookresearch/detectron2}},
  year =         {2019}
}

@Article{Khanam2024,
  author    = {Khanam, Rahima and Hussain, Muhammad},
  date      = {2024},
  title     = {YOLOv11: An Overview of the Key Architectural Enhancements},
  doi       = {https://doi.org/10.48550/arXiv.2410.17725},
  copyright = {Creative Commons Attribution 4.0 International},
  keywords  = {Computer Vision and Pattern Recognition (cs.CV), FOS: Computer and information sciences, FOS: Computer and information sciences},
  publisher = {arXiv},
}

@Article{Lin2014,
  author    = {Lin, Tsung-Yi and Maire, Michael and Belongie, Serge and Bourdev, Lubomir and Girshick, Ross and Hays, James and Perona, Pietro and Ramanan, Deva and Zitnick, C. Lawrence and Dollár, Piotr},
  date      = {2014},
  title     = {Microsoft COCO: Common Objects in Context},
  doi       = {https://doi.org/10.48550/arXiv.1405.0312},
  copyright = {arXiv.org perpetual, non-exclusive license},
  keywords  = {Computer Vision and Pattern Recognition (cs.CV), FOS: Computer and information sciences, FOS: Computer and information sciences},
  publisher = {arXiv},
}

@Article{Arnab2021,
  author    = {Arnab, Anurag and Dehghani, Mostafa and Heigold, Georg and Sun, Chen and Lučić, Mario and Schmid, Cordelia},
  date      = {2021},
  title     = {ViViT: A Video Vision Transformer},
  doi       = {https://doi.org/10.48550/arXiv.2103.15691},
  copyright = {arXiv.org perpetual, non-exclusive license},
  keywords  = {Computer Vision and Pattern Recognition (cs.CV), FOS: Computer and information sciences, FOS: Computer and information sciences},
  publisher = {arXiv},
}

@Online{HF_takarajordan_CineDiffusion,
  author  = {Legg, J.},
  title   = {CineDiffusion Huggingface},
  year    = {2025},
  url     = {https://huggingface.co/spaces/takarajordan/CineDiffusion},
  urldate = {2025-04-25},
}

@Online{OpenAI_ChatGPT_2025,
  author  = {OpenAI},
  title   = {ChatGPT (April 2025 free version) [Large Language model]},
  year    = {2025},
  url     = {https://chatgpt.com},
  urldate = {2025-04-01},
}

@Online{Deepseek_2025,
  author  = {Deepseek},
  title   = {Deepseek (April 2025 free version) [Large Language model]},
  year    = {2025},
  url     = {https://deepseek.com},
  urldate = {2025-04-01},
}

@Article{Fan2021,
  author    = {Fan, Haoqi and Xiong, Bo and Mangalam, Karttikeya and Li, Yanghao and Yan, Zhicheng and Malik, Jitendra and Feichtenhofer, Christoph},
  date      = {2021},
  title     = {Multiscale Vision Transformers},
  doi       = {10.48550/ARXIV.2104.11227},
  copyright = {arXiv.org perpetual, non-exclusive license},
  keywords  = {Computer Vision and Pattern Recognition (cs.CV), Artificial Intelligence (cs.AI), Machine Learning (cs.LG), FOS: Computer and information sciences, FOS: Computer and information sciences},
  publisher = {arXiv},
}

@Article{Heiniger2018,
  author    = {Heiniger, Sandro and Mercier, Hugues},
  date      = {2018},
  title     = {Judging the Judges: A General Framework for Evaluating the Performance of International Sports Judges},
  doi       = {10.48550/ARXIV.1807.10055},
  copyright = {arXiv.org perpetual, non-exclusive license},
  keywords  = {Applications (stat.AP), FOS: Computer and information sciences, FOS: Computer and information sciences},
  publisher = {arXiv},
}

@Comment{jabref-meta: databaseType:biblatex;}
